@book{witten2016data,
  title={Data Mining: Practical machine learning tools and techniques},
  author={Witten, Ian H and Frank, Eibe and Hall, Mark A and Pal, Christopher J},
  year={2016},
  publisher={Morgan Kaufmann}
}
@inproceedings{he2016deep,
  title={Deep residual learning for image recognition},
  author={He, Kaiming and Zhang, Xiangyu and Ren, Shaoqing and Sun, Jian},
  booktitle={Proceedings of the IEEE conference on computer vision and pattern recognition},
  pages={770--778},
  year={2016}
}
@article{felzenszwalb2010object,
  title={Object detection with discriminatively trained part-based models},
  author={Felzenszwalb, Pedro F and Girshick, Ross B and McAllester, David and Ramanan, Deva},
  journal={IEEE transactions on pattern analysis and machine intelligence},
  volume={32},
  number={9},
  pages={1627--1645},
  year={2010},
  publisher={IEEE}
}
@article{arbelaez2011contour,
  title={Contour detection and hierarchical image segmentation},
  author={Arbelaez, Pablo and Maire, Michael and Fowlkes, Charless and Malik, Jitendra},
  journal={IEEE transactions on pattern analysis and machine intelligence},
  volume={33},
  number={5},
  pages={898--916},
  year={2011},
  publisher={IEEE}
}
@article{sermanet2013overfeat,
  title={Overfeat: Integrated recognition, localization and detection using convolutional networks},
  author={Sermanet, Pierre and Eigen, David and Zhang, Xiang and Mathieu, Micha{\"e}l and Fergus, Rob and LeCun, Yann},
  journal={arXiv preprint arXiv:1312.6229},
  year={2013}
}
@inproceedings{shotton2006textonboost,
  title={Textonboost: Joint appearance, shape and context modeling for multi-class object recognition and segmentation},
  author={Shotton, Jamie and Winn, John and Rother, Carsten and Criminisi, Antonio},
  booktitle={European conference on computer vision},
  pages={1--15},
  year={2006},
  organization={Springer}
}
@inproceedings{pinheiro2014recurrent,
  title={Recurrent convolutional neural networks for scene labeling},
  author={Pinheiro, Pedro HO and Collobert, Ronan},
  booktitle={31st International Conference on Machine Learning (ICML)},
  number={EPFL-CONF-199822},
  year={2014}
}
@inproceedings{long2015fully,
  title={Fully convolutional networks for semantic segmentation},
  author={Long, Jonathan and Shelhamer, Evan and Darrell, Trevor},
  booktitle={Proceedings of the IEEE conference on computer vision and pattern recognition},
  pages={3431--3440},
  year={2015}
}
@inproceedings{he2014exemplar,
  title={An exemplar-based CRF for multi-instance object segmentation},
  author={He, Xuming and Gould, Stephen},
  booktitle={Proceedings of the IEEE Conference on Computer Vision and Pattern Recognition},
  pages={296--303},
  year={2014}
}
@inproceedings{hariharan2014simultaneous,
  title={Simultaneous detection and segmentation},
  author={Hariharan, Bharath and Arbel{\'a}ez, Pablo and Girshick, Ross and Malik, Jitendra},
  booktitle={European Conference on Computer Vision},
  pages={297--312},
  year={2014},
  organization={Springer}
}
@inproceedings{hariharan2015hypercolumns,
  title={Hypercolumns for object segmentation and fine-grained localization},
  author={Hariharan, Bharath and Arbel{\'a}ez, Pablo and Girshick, Ross and Malik, Jitendra},
  booktitle={Proceedings of the IEEE conference on computer vision and pattern recognition},
  pages={447--456},
  year={2015}
}
@inproceedings{li2016iterative,
  title={Iterative instance segmentation},
  author={Li, Ke and Hariharan, Bharath and Malik, Jitendra},
  booktitle={Proceedings of the IEEE Conference on Computer Vision and Pattern Recognition},
  pages={3659--3667},
  year={2016}
}
@inproceedings{dai2015convolutional,
  title={Convolutional feature masking for joint object and stuff segmentation},
  author={Dai, Jifeng and He, Kaiming and Sun, Jian},
  booktitle={Proceedings of the IEEE Conference on Computer Vision and Pattern Recognition},
  pages={3992--4000},
  year={2015}
}
@inproceedings{dai2016instance,
  title={Instance-aware semantic segmentation via multi-task network cascades},
  author={Dai, Jifeng and He, Kaiming and Sun, Jian},
  booktitle={Proceedings of the IEEE Conference on Computer Vision and Pattern Recognition},
  pages={3150--3158},
  year={2016}
}
@inproceedings{li2017fully,
  title={Fully convolutional instance-aware semantic segmentation},
  author={Li, Yi and Qi, Haozhi and Dai, Jifeng and Ji, Xiangyang and Wei, Yichen},
  booktitle={2017 IEEE Conference on Computer Vision and Pattern Recognition (CVPR)},
  pages={4438--4446},
  year={2017},
  organization={IEEE}
}
@inproceedings{bai2017deep,
  title={Deep watershed transform for instance segmentation},
  author={Bai, Min and Urtasun, Raquel},
  booktitle={2017 IEEE Conference on Computer Vision and Pattern Recognition (CVPR)},
  pages={2858--2866},
  year={2017},
  organization={IEEE}
}
@article{liang2015proposal,
  title={Proposal-free network for instance-level object segmentation},
  author={Liang, Xiaodan and Wei, Yunchao and Shen, Xiaohui and Yang, Jianchao and Lin, Liang and Yan, Shuicheng},
  journal={arXiv preprint arXiv:1509.02636},
  year={2015}
}
@inproceedings{uhrig2016pixel,
  title={Pixel-level encoding and depth layering for instance-level semantic labeling},
  author={Uhrig, Jonas and Cordts, Marius and Franke, Uwe and Brox, Thomas},
  booktitle={German Conference on Pattern Recognition},
  pages={14--25},
  year={2016},
  organization={Springer}
}
@inproceedings{romera2016recurrent,
  title={Recurrent instance segmentation},
  author={Romera-Paredes, Bernardino and Torr, Philip Hilaire Sean},
  booktitle={European Conference on Computer Vision},
  pages={312--329},
  year={2016},
  organization={Springer}
}
@inproceedings{kar2015amodal,
  title={Amodal completion and size constancy in natural scenes},
  author={Kar, Abhishek and Tulsiani, Shubham and Carreira, Joao and Malik, Jitendra},
  booktitle={Proceedings of the IEEE International Conference on Computer Vision},
  pages={127--135},
  year={2015}
}
@inproceedings{li2016amodal,
  title={Amodal instance segmentation},
  author={Li, Ke and Malik, Jitendra},
  booktitle={European Conference on Computer Vision},
  pages={677--693},
  year={2016},
  organization={Springer}
}
@article{ehsani2017segan,
  title={Segan: Segmenting and generating the invisible},
  author={Ehsani, Kiana and Mottaghi, Roozbeh and Farhadi, Ali},
  journal={arXiv preprint arXiv:1703.10239},
  volume={2},
  number={3},
  year={2017}
}
@article{premachandran2015pascal,
  title={PASCAL boundaries: A class-agnostic semantic boundary dataset},
  author={Premachandran, Vittal and Bonev, Boyan and Yuille, Alan L},
  journal={arXiv preprint arXiv:1511.07951},
  year={2015}
}
@inproceedings{lin2014microsoft,
  title={Microsoft coco: Common objects in context},
  author={Lin, Tsung-Yi and Maire, Michael and Belongie, Serge and Hays, James and Perona, Pietro and Ramanan, Deva and Doll{\'a}r, Piotr and Zitnick, C Lawrence},
  booktitle={European conference on computer vision},
  pages={740--755},
  year={2014},
  organization={Springer}
}
@inproceedings{pinheiro2015learning,
  title={Learning to segment object candidates},
  author={Pinheiro, Pedro O and Collobert, Ronan and Doll{\'a}r, Piotr},
  booktitle={Advances in Neural Information Processing Systems},
  pages={1990--1998},
  year={2015}
}
@inproceedings{pinheiro2016learning,
  title={Learning to refine object segments},
  author={Pinheiro, Pedro O and Lin, Tsung-Yi and Collobert, Ronan and Doll{\'a}r, Piotr},
  booktitle={European Conference on Computer Vision},
  pages={75--91},
  year={2016},
  organization={Springer}
}
@inproceedings{qi20173d,
  title={3d graph neural networks for rgbd semantic segmentation},
  author={Qi, Xiaojuan and Liao, Renjie and Jia, Jiaya and Fidler, Sanja and Urtasun, Raquel},
  booktitle={Proceedings of the IEEE Conference on Computer Vision and Pattern Recognition},
  pages={5199--5208},
  year={2017}
}
@inproceedings{li2017scene,
  title={Scene graph generation from objects, phrases and region captions},
  author={Li, Yikang and Ouyang, Wanli and Zhou, Bolei and Wang, Kun and Wang, Xiaogang},
  booktitle={ICCV},
  year={2017}
}
@article{wang2017detecting,
  title={Detecting semantic parts on partially occluded objects},
  author={Wang, Jianyu and Xie, Cihang and Zhang, Zhishuai and Zhu, Jun and Xie, Lingxi and Yuille, Alan},
  journal={arXiv preprint arXiv:1707.07819},
  year={2017}
}
@article{wang2015unsupervised,
  title={Unsupervised learning of object semantic parts from internal states of CNNs by population encoding},
  author={Wang, Jianyu and Zhang, Zhishuai and Xie, Cihang and Premachandran, Vittal and Yuille, Alan},
  journal={arXiv preprint arXiv:1511.06855},
  year={2015}
}
@techreport{zhang2018deepvoting,
  title={DeepVoting: A Robust and Explainable Deep Network for Semantic Part Detection under Partial Occlusion},
  author={Zhang, Zhishuai and Xie, Cihang and Wang, Jianyu and Xie, Lingxi and Yuille, Alan L},
  year={2018},
  institution={Center for Brains, Minds and Machines (CBMM)}
}